@article{el2021write,
  title={How to write a master thesis},
  author={El-Chaarani, Hani and El-Abiad, Zouhour},
  journal={Journal of Contemporary Research in Business Administration and Economic Sciences},
  year={2021}
}

@book{evans2011write,
  title={How to write a better thesis},
  author={Evans, David and Gruba, Paul and Zobel, Justin},
  year={2011},
  publisher={Melbourne Univ. Publishing}
}

@article{duke2018postgraduate,
  title={How to do a postgraduate research project and write a minor thesis},
  author={Duke, Trevor},
  journal={Archives of Disease in Childhood},
  volume={103},
  number={9},
  pages={820--827},
  year={2018},
  publisher={BMJ Publishing Group Ltd}
}

@article{wiese2023write,
  title={How to write a bachelor/master thesis},
  author={Wiese, Andreas},
  year={2023}
}

@book{foley1994introduction,
title={Introduction to computer graphics},
author={Foley, James D and Van Dam, Andries and Feiner, Steven K and Hughes, John F and Phillips, Richard L},
volume={55},
year={1994},
publisher={Addison-Wesley Reading}
}

%congreso
@inproceedings{schwarz2007modeling,
title={Modeling with rendering primitives: an interactive non-photorealistic canvas},
author={Schwarz, Martin and Isenberg, Tobias and Mason, Katherine and Carpendale, Sheelagh},
booktitle={Proceedings of the 5th international symposium on Non-photorealistic animation and rendering},
pages={15--22},
year={2007}
}

%Tesis
@phdthesis{macindoe2013hybrid,
title={Hybrid algorithms for efficient Cholesky decomposition and matrix inverse using multicore CPUs with GPU accelerators},
author={Macindoe, GI},
year={2013},
school={UCL (University College London)}
}

%URL:
@misc{wikipediaComputerGraphics,
author = {},
title = {{C}omputer graphics - {W}ikipedia --- en.wikipedia.org},
howpublished = {\url{https://en.wikipedia.org/wiki/Computer_graphics}},
year = {},
note = {[Accessed 07-06-2024]},
}

%https://www.getbibtex.com/
@misc{getbibtexBibTeXGenerator,
author = {Karol Dzialowski},
title = {{U}{R}{L} to {B}ib{T}e{X} generator - get {B}ib{T}e{X} for any website --- getbibtex.com},
howpublished = {\url{https://www.getbibtex.com/}},
year = {},
note = {[Accessed 07-06-2024]},
}


